<?xml version="1.0" encoding="UTF-8"?><collection xmlns="http://www.loc.gov/MARC21/slim"><record><leader>00376nam--2200133-i-4500</leader><controlfield tag="001">000009348</controlfield><controlfield tag="002">20161230</controlfield><controlfield tag="005">20161230201028</controlfield><controlfield tag="008">060222s1000------------r-----000-0-eng-d</controlfield><datafield ind1=" " ind2=" " tag="080"><subfield code="a">547:543</subfield></datafield><datafield ind1=" " ind2=" " tag="245"><subfield code="a">Chelates in analytical chemistry.a collection of monographs.vol.l</subfield></datafield><datafield ind1=" " ind2=" " tag="260"><subfield code="a">London,Edward Arnold Publ.Ltd.,1967. Xii + 418p</subfield></datafield><datafield ind1=" " ind2=" " tag="700"><subfield code="a">Flaschka,H.A./S.A.</subfield></datafield><datafield ind1=" " ind2=" " tag="852"><subfield code="a">33092</subfield></datafield></record></collection>